<record><leader>00000cas a22000007a 4500</leader><controlfield tag="001">166643723</controlfield><controlfield tag="008">060601d18251826mduwr n       0   a0eng c</controlfield><datafield ind1=" " ind2=" " tag="010"><subfield code="a">  2011204457</subfield></datafield><datafield ind1=" " ind2=" " tag="040"><subfield code="a">E8W</subfield><subfield code="b">eng</subfield><subfield code="c">E8W</subfield><subfield code="d">OCLCG</subfield><subfield code="d">OCLCQ</subfield><subfield code="d">DLC</subfield><subfield code="d">OCLCF</subfield><subfield code="d">OCLCO</subfield></datafield><datafield ind1="0" ind2=" " tag="022"><subfield code="a">2161-0843</subfield><subfield code="2">1</subfield></datafield><datafield ind1=" " ind2=" " tag="042"><subfield code="a">pcc</subfield><subfield code="a">nsdp</subfield></datafield><datafield ind1=" " ind2=" " tag="043"><subfield code="a">n-us---</subfield></datafield><datafield ind1="1" ind2="0" tag="050"><subfield code="a">ISSN RECORD</subfield></datafield><datafield ind1="1" ind2="0" tag="082"><subfield code="a">326</subfield><subfield code="2">14</subfield></datafield><datafield ind1=" " ind2="0" tag="222"><subfield code="a">Genius of universal emancipation and Baltimore courier</subfield></datafield><datafield ind1="0" ind2="0" tag="245"><subfield code="a">Genius of universal emancipation and Baltimore courier.</subfield></datafield><datafield ind1=" " ind2=" " tag="260"><subfield code="a">Baltimore, Md. :</subfield><subfield code="b">B. Lundy,</subfield><subfield code="c">1825-1826.</subfield></datafield><datafield ind1=" " ind2=" " tag="300"><subfield code="a">1 v. ;</subfield><subfield code="c">29 cm.</subfield></datafield><datafield ind1=" " ind2=" " tag="310"><subfield code="a">Weekly</subfield></datafield><datafield ind1="0" ind2=" " tag="362"><subfield code="a">Vol. 1, no. 1 (July 4, 1825)-v. 1, no. 52 (Sept. 2, 1826).</subfield></datafield><datafield ind1=" " ind2=" " tag="500"><subfield code="a">Edited by Benjamin Lundy.</subfield></datafield><datafield ind1=" " ind2=" " tag="530"><subfield code="a">Also available on microfilm and online.</subfield></datafield><datafield ind1=" " ind2="0" tag="650"><subfield code="a">Antislavery movements</subfield><subfield code="z">United States</subfield><subfield code="v">Periodicals.</subfield></datafield><datafield ind1=" " ind2="0" tag="650"><subfield code="a">Slavery</subfield><subfield code="z">United States</subfield><subfield code="v">Periodicals.</subfield></datafield><datafield ind1=" " ind2="7" tag="655"><subfield code="a">Periodicals.</subfield><subfield code="2">rbgenr</subfield></datafield><datafield ind1=" " ind2="7" tag="655"><subfield code="a">Periodicals.</subfield><subfield code="2">fast</subfield><subfield code="0">(OCoLC)fst01411641</subfield></datafield><datafield ind1=" " ind2="7" tag="650"><subfield code="a">Antislavery movements.</subfield><subfield code="2">fast</subfield><subfield code="0">(OCoLC)fst00810800</subfield></datafield><datafield ind1=" " ind2="7" tag="650"><subfield code="a">Slavery.</subfield><subfield code="2">fast</subfield><subfield code="0">(OCoLC)fst01120426</subfield></datafield><datafield ind1=" " ind2="7" tag="651"><subfield code="a">United States.</subfield><subfield code="2">fast</subfield><subfield code="0">(OCoLC)fst01204155</subfield></datafield><datafield ind1="1" ind2=" " tag="700"><subfield code="a">Lundy, Benjamin,</subfield><subfield code="d">1789-1839.</subfield></datafield><datafield ind1="1" ind2=" " tag="776"><subfield code="t">Genius of universal emancipation and Baltimore courier (Online)</subfield><subfield code="w">(DLC)  2007233559</subfield><subfield code="w">(OCoLC)50282266</subfield></datafield><datafield ind1="1" ind2=" " tag="776"><subfield code="t">Genius of universal emancipation and Baltimore courier</subfield><subfield code="w">(DLC)sf 89090982</subfield><subfield code="w">(OCoLC)9100964</subfield></datafield><datafield ind1="0" ind2="0" tag="780"><subfield code="t">Genius of universal emancipation (Greeneville, Tenn. : 1821)</subfield><subfield code="x">2161-0835</subfield><subfield code="w">(DLC)sn2006062331</subfield><subfield code="w">(OCoLC)72547587</subfield></datafield><datafield ind1="0" ind2="0" tag="785"><subfield code="t">Genius of universal emancipation (Weekly edition)</subfield><subfield code="w">(DLC)   83642426</subfield><subfield code="w">(OCoLC)1774947</subfield></datafield><datafield ind1="4" ind2="1" tag="856"><subfield code="u">http://gateway.proquest.com/openurl?url_ver=Z39.88-2004&amp;res_dat=xri:pqd::hnp&amp;rft_val_fmt=info:ofi/fmt:kev:mtx:journal&amp;rft_dat=xri:pqd:PMID=41108</subfield><subfield code="z">1821-1839</subfield></datafield></record>